<?xml version="1.0" encoding="UTF-8"?><collection xmlns="http://www.loc.gov/MARC21/slim"><record><leader>00385nam--2200133-i-4500</leader><controlfield tag="001">000007626</controlfield><controlfield tag="002">20161230</controlfield><controlfield tag="005">20161230201027</controlfield><controlfield tag="008">060222s1000------------r-----000-0-eng-d</controlfield><datafield ind1=" " ind2=" " tag="100"><subfield code="a">Barriere, R.Pallu De La</subfield></datafield><datafield ind1=" " ind2=" " tag="245"><subfield code="a">Cours d automatique theorique</subfield></datafield><datafield ind1=" " ind2=" " tag="260"><subfield code="a">Paris, Dunod, 1966 Xv + 404 P</subfield></datafield><datafield ind1=" " ind2=" " tag="490"><subfield code="a">Collection Universitaire De Mathematique Directeur: Henri Hierche</subfield></datafield><datafield ind1=" " ind2=" " tag="852"><subfield code="a">23960</subfield></datafield></record></collection>